@book{denschnbl,
    author={Dennis, Jr.,J. E. and Schnabel, R. B.},
    title={Numerical Methods for Unconstrained Optimization and Nonlinear Equations},
    publisher={SIAM},
    year= 1996
}

@incollection{denschnart,
    author={Dennis, Jr.,J. E. and Schnabel, R. B.},
    title={A view of Unconstrained Optimization},
    booktitle={Numerical Optimization},
    publisher={Elsevier Science Publishers {B.V.} (North-Holland)},
    year= 1989,
    editor={G. L. Nemhauser and {Rinnooy Kan}, A. H. G. and Todd, M. J.},
    series={Handbooks in Operations Research and Management Science},
    volume= 1
}

@incollection{morsor1,
    author={J. J. Mor{\'e} and Sorensen, D. C.},
    title={Newton's method},
    booktitle={Studies in Numerical Analysis},
    publisher={The Mathematical Association of America},
    year= 1984,
    editor={G. H. Golub},
    series={Studies in Mathematics},
    volume= 24
}

@book{matcomp,
    author={G. H. Golub and {Van Loan}, C. F.},
    title={Matrix computations},
    publisher={The John Hopkins University Press},
    year= 1989
}

@book{nlaopt,
    author={P. E. Gill and Murray, W. and Wright, M. H.},
    title={Numerical Linear Algebra and Optimization, Volume 1},
    publisher={Addison-Wesley},
    year= 1991
}

@book{pracopt,
    author={P. E. Gill and Murray, W. and Wright, M. H.},
    title={Practical Optimization},
    publisher={Academic Press},
    year= 1981
}

@article{brdorg,
    author={C. G. Broyden},
    title={A class of methods for solving nonlinear simultaneous equations},
    journal={Mathematics of Computing},
    volume={19},
    year= 1965,
    pages={577-593}
}

@article{wtfast,
    author={H. Wang and Tewarson, R. P.},
    title={A quasi-gauss-newton method for solving non-linear algebraic equations},
    journal={Computers Math. Applic.},
    volume={25},
    year= 1993,
    pages={53-63},
    number={1}
}

@article{jaustria,
    author={G. W. Johnson and Austria, N. H.},
    title={A quasi-newton method employing direct secant updates of matrix factorizations},
    journal={SIAM Journal on Numerical Analysis},
    volume={20},
    year= 1983,
    pages={315-325},
    number={2}
}

@article{martqn1,
    author={J. M. Martinez},
    title={Quasi-newton Methods with Factorization Scaling for Solving Sparse Nonlinear
        Systems of Equations},
    journal={Computing},
    volume={38},
    year= 1987,
    pages={133-141}
}

@article{martqnfam,
    author={J. M. Martinez},
    title={A Family of Quasi-Newton Methods for Nonlinear Equations with Direct Secant
        Updates of Matrix factorizations},
    journal={SIAM Journal on Numerical Analysis},
    volume={27},
    year= 1990,
    pages={1034-1049},
    number={4}
}

@article{scoralg,
    author={G. Li},
    title={Successive Column Correction Algorithms for Solving Sparse Nonlinear Systems
        of Equations},
    journal={Mathematical Programming},
    volume={43},
    year= 1989,
    pages={187-207}
}

@article{cmpsparse,
    author={M. A. Gomes-Ruggiero and Martinez, J. M. and Moretti, A. C.},
    title={Comparing Algorithms for Solving Sparse Nonlinear Systems of Equations},
    journal={SIAM Journal of Statistical Computing},
    volume={13},
    year= 1992,
    pages={459-483},
    number={2}
}

@article{bkrust,
    author={R. Becker and Rustem, B.},
    title={Algorithms for Solving Nonlinear Dynamic Decision Models},
    journal={Annals of Operations Research},
    volume={44},
    year= 1993,
    pages={117-142}
}

@article{mghtest,
    author={J. J. Mor{\'e}. and Garbow, B. S. and Hillstrom, K. E.},
    title={Testing Unconstrained Optimization Software},
    journal={{ACM} Transactions on Mathematical Software},
    volume={7},
    year= 1981,
    pages={17-41},
    number={1}
}

@article{modmatfac,
    author={P. E. Gill and Golub, G. H. and Murray, W. and Saunders, M. A.},
    title={Methods for Modifying Matrix Factorizations},
    journal={Mathematics of Computation},
    volume={28},
    year= 1974,
    pages={505-535},
    number={126}
}

@book{kelley,
    author={C. T. Kelley},
    title={Iterative Methods for Linear and Nonlinear Equations},
    publisher={SIAM},
    year= 1995
}

@book{linpack,
    author={J. J. Dongarra and Bunch, J. R. and Moler, C. B. and Stewart, G. W.},
    title={{LINPACK} Users Guide},
    publisher={SIAM},
    year= 1979
}

@book{lapack,
    author={Anderson, E. and Bai, Z. and Bischof, C. and Demmel, J. and Dongarra, J.
        and Du Croz, J. and Greenbaum, A. and Hammarling, S. and McKenney, A. and
        Ostrouchov, S. and Sorensen, D.},
    title={{LAPACK} Users Guide},
    publisher={SIAM},
    year= 1996
}

@article{nl2sol1,
    author={Dennis, Jr.,J. E. and Gay, D. M. and Welsch, R. E.},
    title={An Adaptive Nonlinear Least-Squares Algorithm},
    journal={{ACM} Transactions on Mathematical Software},
    volume={7},
    year= 1981,
    pages={348-368},
    number={3}
}

@article{nl2sol2,
    author={Dennis, Jr.,J. E. and Gay, D. M. and Welsch, R. E.},
    title={{Algorithm 573}: {NL2SOL}-- An Adaptive Nonlinear Least-Squares Algorithm
        [{E4}]},
    journal={{ACM} Transactions on Mathematical Software},
    volume={7},
    year= 1981,
    pages={369-383},
    number={3}
}

@article{higcond,
    author={N. J. Higham},
    title={{Algorithm 674}: {FORTRAN} Codes for Estimating the One-Norm of a Real or
        Complex Matrix, with Applications to Condition Estimation},
    journal={{ACM} Transactions on Mathematical Software},
    volume={14},
    year= 1988,
    pages={381-396},
    number={4}
}

@article{colmore,
    author={T. F. Coleman and Mor{\'e}, J. J.},
    title={Estimation of sparse Jacobian Matrices and graph coloring problems},
    journal={SIAM Journal on Numerical Analysis},
    volume={20},
    year= 1983,
    pages={187-209},
    number={1}
}

@article{denwalker,
    author={Dennis, Jr., J. E. and Walker, H. F.},
    title={Convergence Theorems for Least-Change Secant Updates},
    journal={SIAM Journal on Numerical Analysis},
    volume={18},
    year= 1981,
    pages={949-987},
    number={6}
}

@article{allgower,
    author={E. Allgower and Georg, K.},
    title={Simplicial and Continuation Methods for approximating fixed points and solutions
        to systems of equations},
    journal={SIAM Review},
    volume={22},
    year= 1980,
    pages={28-85},
    number={1}
}

@book{ortega,
    author={J. M. Ortega and W. C. Rheinboldt},
    title={Iterative solution of nonlinear equations in several variables},
    publisher={Academic Press},
    year= 1970
}

@article{sornewt,
    author={D. C. Sorensen},
    title={Newton's Method with a Model Trust Region Modification},
    journal={SIAM Journal on Numerical Analysis},
    volume={19},
    year= 1982,
    pages={409-426},
    number={2}
}

@article{schulzsb,
    author={Gerald A. Schulz and Robert B. Schnabel and Richard H. Byrd},
    title={A Family of Trust-Region based algorithms for unconstrained minimization
        with strong global convergence properties},
    journal={SIAM Journal on Numerical Analysis},
    volume={22},
    year= 1985,
    pages={47-67},
    number={1}
}

@article{morethuente,
    author={J. J. Mor{\'e} and Thuente, D. J.},
    title={Line Search Algorithms with Guaranteed Sufficient Decrease},
    journal={{ACM} Transactions on Mathematical Software},
    volume={20},
    year= 1994,
    pages={286-307},
    number={3}
}

@article{nonmonols,
    author={L. Grippo and Lampariello, F. and Lucidi, S.},
    title={A Nonmonotone Line Search Technique for {Newton's} Method},
    journal={SIAM Journal on Numerical Analysis},
    volume={23},
    year= 1986,
    pages={707-716},
    number={4}
}

@article{comptrust,
    author={J. J. Mor{\'e} and Sorensen, D. C.},
    title={Computing a Trust Region Step},
    journal={SIAM Journal Sci. Stat. Computing},
    volume={4},
    year= 1983,
    pages={553-572},
    number={3}
}

@article{trust2d,
    author={R. H. Byrd and Schnabel, R. B. and Shultz, G. A.},
    title={Approximate Solution of the Trust Region Problem by Minimization over two-dimensional
        subspaces},
    journal={Mathematical Programming},
    volume={40},
    year= 1988,
    pages={247-263}
}

@article{tensora,
    author={R. B. Schnabel and Frank, P. D.},
    title={Tensor methods for Nonlinear Equations},
    journal={SIAM Journal on Numerical Analysis},
    volume={21},
    year= 1984,
    pages={815-843},
    number={5}
}

@article{tensorb,
    author={D. Feng and Frank, P. D. and Schnabel, R. B.},
    title={Local convergence analysis of tensor methods for nonlinear equations},
    journal={Mathematical Programming},
    volume={62},
    year= 1993,
    pages={427-459}
}

@article{tensorc,
    author={A. Bouaricha and Schnabel, R. B.},
    title={{Algorithm 768}: {TENSOLVE}: A Software Package for Solving Systems of Nonlinear
        Equations and Nonlinear Least Squares Problems Using Tensor Methods},
    journal={{ACM} Transactions on Mathematical Software},
    volume={23},
    year= 1997,
    pages={174-195},
    number={2}
}

@article{hompack,
    author={L. T. Watson and Billups, S. C. and Morgan, A. P.},
    title={{Algorithm 652}- {Hompack}: A suite of codes for globally Convergent Homotopy
        methods},
    journal={{ACM} Transactions on Mathematical Software},
    year= 1987,
    pages={281-310}
}

@article{pitcona,
    author={W. C. Rheinboldt and Burkardt, J. V.},
    title={A locally Parameterized Continuation Process},
    journal={{ACM} Transactions on Mathematical Software},
    volume={9},
    year= 1983,
    pages={215-235},
    number={2}
}

@article{pitconb,
    author={W. C. Rheinboldt and Burkardt, J. V.},
    title={{Algorithm 596}: { A} Program for a locally Parameterized Continuation Process},
    journal={{ACM} Transactions on Mathematical Software},
    volume={9},
    year= 1983,
    pages={236-241},
    number={2}
}

@article{small-cutset,
    author={Hanoch Levy and David W. Low},
    title={A Contraction Algorithm for Finding Small Cycle Cutsets},
    journal={Journal of Algorithms},
    volume={9},
    year= 1988,
    pages={470-493}
}

@article{dongallo,
    author={F. J. Henk Don and G. M. Gallo},
    title={Solving Large Sparse Systems of Equations in Econometric Models},
    journal={Journal of Forecasting},
    volume={6},
    year= 1987,
    pages={167-180}
}

@article{sdbfit,
    author={J. Sandee and F. J. H. Don and P. J. C. M. van den Berg},
    title={Adjustment of projections to recent observations},
    journal={European Economic Review},
    volume={26},
    year= 1984,
    pages={153-166}
}

@unpublished{sanfit,
    author={J. Sandee},
    title={Aanpassen in {Simpc}},
    note={{CPB} memo},
    year= 1994
}

@article{enss98,
    author={G. Even and {J. Seffi} Naor and B. Schieber and M. Sudan},
    title={Approximating Minimum Feedback Sets and Multicuts in Directed Graphs},
    journal={Algorithmica},
    volume={20},
    year={1998},
    pages={151-174}
}

@article{linyou2000,
    author={Heng-Ming Lin and Jing-Yang Jou},
    title={On Computing the Minimum Feedback Vertex Set of a Directed Graph by Contraction
        Operations},
    journal={{IEEE} Transactions on Computer-Aided Design of Integrated Circuits and
        Systems},
    volume={19},
    year={2000},
    pages={295-307},
    number={3}
}

@article{feoresende1995,
    author={Thomas A. Feo and Mauricio G. C. Resende},
    title={Greedy Randomized Adaptive Search Procedures},
    journal={Journal of Global Optimization},
    volume={6},
    year={1995},
    pages={109-133}
}

@article{fespardres2001,
    author={Paola Festa and Panos M. Pardalos and Mauricio G. C. Resende},
    title={{Algorithm 815}: {FORTRAN} Subroutines for Computing Approximate Solutions
        of Feedback Set Problems using {GRASP}},
    journal={{ACM} Transactions on Mathematical Software},
    volume={27},
    year={2001},
    pages={456-464},
    number={4}
}

@article{pardaea1999,
    author={Panos M. Pardalos and Tianbing Qian and Mauricio G. C. Resende},
    title={A Greedy Randomized Adaptive Search Procedure for the Feedback Vertex Set
        Problem},
    journal={Journal of Combinatorial Optimization},
    volume={2},
    year={1999},
    pages={399-412}
}

@techreport{festapardares1999,
    author={Paola Festa and Panos M. Pardalos and Mauricio G. C. Resende},
    title={Feedback Set Problems},
    institution={{AT\&T} Labs Research},
    year={1999},
    number={99.2.2}
}

@article{orensteinea1995,
    author={Tatiana Orenstein and Zvi Kohavi and Irith Pomeranz},
    title={An Optimal Algorithm for Cycle Breaking in Directed Graphs},
    journal={Journal of Electronic Testing; Theory and Applications},
    volume={7},
    year={1995},
    pages={71-81}
}

@booklet{multimod,
    author={Laxton, D. and Isard, P. and Faruqee, H. and Prasad, E. and Turtelboom,
        B.},
    title={Multimod mark {III}, The core dynamics and steady state models},
    howpublished={{IMF} Occasional Papers 164},
    year={1998},
    institution={{IMF}}
}

@article{smithwalford1975,
    author={Smith, Jr., George W. and Robert B. Walford},
    title={The Identification of a Minimal Feedback Vertex Set of a Directed Graph},
    journal={{IEEE} Transactions on Circuits and Systems},
    volume={22},
    year={1975},
    pages={9-15},
    number={1}
}

@book{safe27,
    author={CPB},
    title={{SAFE} Een kwartaalmodel van de {Nederlandse} economie voor korte-termijn
        analyse},
    publisher={{CPB}},
    year={2002},
    series={{CPB} Document 27},
    month={December},
    institution={{CPB}},
    isbn={90-5833-120-2}
}

@book{worldscan99,
    author={CPB},
    title={{WorldScan}; the core version},
    publisher={CPB},
    year={1999},
    series={{CPB} Special Publications 20}
}

@article{athena98,
    author={M. Vromans},
    title={{ATHENA}: the multi-sector model},
    journal={{CPB} Report},
    year={1998},
    pages={32-36},
    number={1998/3}
}

@article{mimic98,
    author={J. Graafland and R. de Mooij},
    title={{MIMIC}: {An} Applied General Equilibrium Model for the {Netherlands}},
    journal={{CPB} Report},
    year={1998},
    pages={27-31},
    number={1998/3}
}

@article{worldscan98,
    author={H. Timmer},
    title={{WorldScan}: A world model for long-term scenario analysis},
    journal={{CPB} Report},
    year={1998},
    pages={37-41},
    number={1998/3}
}

@incollection{festaetal1999,
    author={Paola Festa and Panos M. Pardalos and Mauricio G. C. Resende},
    title={Feedback Set Problems},
    booktitle={Handbook of Combinatorial Optimization},
    publisher={Kluwer Academic Publishers},
    year={1999},
    editor={Ding-Zhu Du and P. M. Pardalos},
    pages={209--258},
    volume={A}
}

@article{griewank,
    author={A. Griewank},
    title={On Solving nonlinear equations with simple singularities or nearly singular
        solutions},
    journal={SIAM Review},
    volume={27},
    year={1985},
    pages={537-563},
    number={4}
}

@article{hompack90,
    author={L[ayne] T. Watson and Maria Sosonkina and Robert C. Melville and Alexander
        P. Morgan and Homer F. Walker},
    title={Algorithm 777: {HOMPACK90}: A Suite of Fortran 90 Codes for Globally Convergent
        Homotopy Algorithms},
    journal={{ACM} Transactions on Mathematical Software},
    volume={23},
    year={1997},
    pages={514-549},
    number={4}
}

@article{eaves-schmedders,
    author={B. {Curtis Eaves} and Karl Schmedders},
    title={General equilibrium models and homotopy methods},
    journal={Journal of Economic Dynamics and Control},
    volume={23},
    year={1999},
    pages={1249-1279}
}

@article{shacham,
    author={Mordechai Shacham},
    title={Numerical Solution of Constrained Non-linear algebraic equations},
    journal={International Journal for Numerical Methods in Engineering},
    volume={23},
    year={1986},
    pages={1455-1481}
}

@article{clineplemmons,
    author={R. E. Cline and R. J. Plemmons},
    title={{$l_2$}--solutions to underdetermined linear systems},
    journal={SIAM Review},
    volume={18},
    year={1976},
    pages={92-106},
    number={1}
}

@article{higham87,
    author={N. J. Higham},
    title={A Survey of condition number estimation for triangular matrices},
    journal={SIAM Review},
    volume={29},
    year={1987},
    pages={575-596},
    number={4}
}

@article{tarjan,
    author={Robert Tarjan},
    title={Depth-first search and linear graph algorithms},
    journal={SIAM Journal of Computing},
    volume={1},
    year={1972},
    pages={146-160},
    number={2}
}

@article{gallogilli,
    author={Giampero M. Gallo and Manfred H. Gilli},
    title={How to strip a model to its Essential Elements},
    journal={Computer Science in Econometrics and Management},
    volume={3},
    year={1990},
    pages={199-214}
}

