@ARTICLE{isishandleiding, 
  author = "{Afdeling Informatietechnologie en Onderzoeksondersteuning}",
  title = {Isis Gebruikershandleiding},
  year = {2015}
}


@ARTICLE{sandb1984,
  author = {J. Sandee and F. J. H. Don and P. J. C. M. van den Berg},
  title = {Adjustment of projections to recent observations},
  journal = {European Economic Review},
  year = {1984},
  volume = {26},
  pages = {153--166},
  owner = {bhh},
}

@ARTICLE{hasselman2003,
  author = {B. H. Hasselman},
  title = {A {Newton} algorithm for solving an underdetermined system of equations},
  journal = {CPB Memorandum},
  year=2003,
  owner = {bhh},
}

@ARTICLE{hasselman2004,
  author = {B. H. Hasselman},
  title = {Detecting and removing redundant feedback vertices},
  journal = {CPB Memorandum},
  year=2004,
  owner = {bhh},
}

@book{denschnbl,
    author={Dennis, Jr.,J. E. and Schnabel, R. B.},
    title={Numerical Methods for Unconstrained Optimization and Nonlinear Equations},
    publisher={SIAM},
    year= 1996
}

@ARTICLE{dongallo,
  author = { {F.J. Henk} Don and G.M. Gallo},
  title  = {Solving Large Sparse Systems of Equations in Econometric Models},
  year   = 1987,
  journal= {Journal of Forecasting},
  pages  = {167-180}
}
